@book{efficient-c++,
	title = {Efficient C++: performance programming techniques},
	author = {Bulka, Dov and Mayhew, David},
	year = {2000},
	publisher = {Addison-Wesley Professional},
	pages = {336},
	isbn = {0-201-37950-3},
}


@book{lua-programming,
	title = {Programming in Lua},
	author = {Ierusalimschy, Roberto},
	year = {2006},
	publisher = {Roberto Ierusalimschy},
	isbn = {978-8590379850},
}

@inproceedings{api-evolution,
	title = {The Role of Refactorings in API Evolution},
	author = {Dig, Danny and Johnson, Ralph},
	booktitle = {Software Maintenance, 2005. ICSM'05. Proceedings of the 21st IEEE International Conference on},
	pages = {389-398},
	year = {2005},
	organization = {IEEE},
}

@book{api-design,
	title = {API Design for C++},
	author = {Reddy, Martin},
	year = {2011},
	publisher = {Elsevier},
	isbn = {978-0-12-385003-4},
	location = {Burlington, MA, USA},
}

@inproceedings{good-api,
	author = {Bloch, Joshua},
	title = {How to Design a Good API and Why It Matters},
	booktitle = {Companion to the 21st ACM SIGPLAN Symposium on Object-oriented Programming Systems, Languages, and Applications},
	series = {OOPSLA '06},
	year = {2006},
	isbn = {1-59593-491-X},
	location = {Portland, Oregon, USA},
	pages = {506-507},
	numpages = {2},
	url = {http://doi.acm.org/10.1145/1176617.1176622},
	doi = {10.1145/1176617.1176622},
	acmid = {1176622},
	publisher = {ACM},
	address = {New York, NY, USA},
} 

@online{amulet,
	author = {Ian MacLarty},
	title = {Amulet},
	date = {May 7th, 2016},
	url = {https://github.com/ianmaclarty/amulet},
}

@online{gcc-in-cxx,
	author = {Linda Jacobson, Ian Lance Taylor},
	editor = {editor},
	title = {GCC's Move to C++},
	date = {March 13th, 2013},
	url = {https://lwn.net/Articles/542457/},
	organization = {LWN},
}

@report{gcc-in-cxx-slides,
	author = {Ian Lance Taylor},
	title = {Write GCC in C++},
	type = {type},
	institution = {Google},
	date = {June 17th, 2008},
	subtitle = {GCC in C++},
	url = {http://airs.com/ian/cxx-slides.pdf},
	urldate = {June 17th, 2008},
}

@online{lua,
	author = {Pontifical Catholic University of Rio de Janeiro in Brazil},
	editor = {Roberto Ierusalimschy, Waldemar Celes, Luiz Henrique de Figueiredo},
	title = {Lua},
	date = {January 2016},
	url = {https://www.lua.org},
}

@online{lua-about,
	author = {Pontifical Catholic University of Rio de Janeiro in Brazil},
	editor = {Roberto Ierusalimschy, Waldemar Celes, Luiz Henrique de Figueiredo},
	title = {Lua},
	date = {January 2016},
	url = {https://www.lua.org/about.html},
}

@inbook{lua-robot,
	author = {Tim Niemüller and Alexander Ferrein and Gerhard Lakemeyer},
	title = {A Lua-Based Behavior Engine for Controlling the Humanoid Robot Nao},
	booktitle = {RoboCup 2009: Robot Soccer World Cup XIII},
	date = {2010},
	year = {2010},
	bookauthor = {Jacky Baltes},
	publisher = {Springer},
	location = {Berlin Heidelberg},
	isbn = {978-3-642-11876-0},
	pages = {240-251},
}

@book{lua-game-cryengine,
	author = {Filip and Ruan Pearce-Authers Lundgren},
	title = {CryENGINE Game Programming with C++, C\# and Lua},
	date = {2013},
	year = {2013},
	publisher = {Packt Publishing Ltd.},
	location = {Birmingham},
	isbn = {9781849695909},
}

@article{lua-light,
	author = {Ashwin Hiischi},
	title = {Traveling Light, the Lua Way},
	journal = {IEEE Software},
	date = {September 17th, 2007},
	volume = {24},
	issue = {5},
	month = {September},
	year = {2007},
	pages = {31-38},
	doi = {10.1109/MS.2007.150},
}

@online{lua-manual,
	author = {Pontifical Catholic University of Rio de Janeiro in Brazil},
	editor = {Roberto Ierusalimschy, Waldemar Celes, Luiz Henrique de Figueiredo},
	title = {Lua 5.3 Reference Manual},
	date = {January 2016},
	url = {http://www.lua.org/manual/5.3/manual.html#4},
}

@inbook{lua-air,
	author = {Paul Klint, Loren Roosendaal, and Rimer and van Rozen},
	title = {Game Developers need Lua AiR},
	booktitle = {Entertainment Computing - ICEC 2012},
	date = {2012},
	bookauthor = {Marc Herrlich},
	editora = {Marc Herrlich},
	editorb = {Rainer Malaka},
	editorc = {Maic Masuch},
	publisher = {Springer},
	location = {Berlin Heidelberg},
	isbn = {978-3-642-33541-9},
	series = {Lecture Notes in Computer Science},
	volume = {7522},
	pages = {530-535},
	doi = {10.1007/978-3-642-33542-6_69},
}

@article{copy-paste-errors,
	author = {Zoltán Ádám Mann},
	title = {Three Public Enemies: Cut, Copy, Paste},
	journal = {IEEE Computer},
	date = {July 17th, 2006},
	volume = {39},
	issue = {7},
	month = {July},
	year = {2006},
	issn = {0018-9162 },
	doi = {10.1109/MC.2006.246},
}

@online{vcxx-breaking-changes,
	author = {Stephan T. Lavavej},
	editor = {Microsoft},
	title = {Visual C++ Team Blog - C++11/14 STL Features: Fixes and Breaking Changes in VS 2013},
	date = {June 2013},
	url = {https://blogs.msdn.microsoft.com/vcblog/2013/06/28/c1114-stl-features-fixes-and-breaking-changes-in-vs-2013/},
}

@online{chaiscript,
	author = {Jason Turner},
	editor = {Jason Turner},
	title = {ChaiScript},
	date = {May 2016},
	url = {http://chaiscript.com/},
}

@online{nonius,
	author = {R. Martinho Fernandes},
	editor = {R. Martinho Fernandes},
	title = {nonius},
	date = {May 2016},
	url = {https://nonius.io/},
}

@online{satoren-bench,
	author = {satoren},
	editor = {satoren},
	title = {Lua Binding Benchmark},
	date = {May 2016},
	url = {http://satoren.github.io/lua_binding_benchmark/},
}

@online{catch,
	author = {Phil Nash},
	editor = {Phil Nash},
	title = {Catch},
	date = {January 2016},
	url = {https://github.com/philsquared/Catch},
}

@online{sphinx,
	author = {Georg Brandl et. al},
	editor = {Georg Brandl et. al},
	title = {Sphinx},
	date = {May 2016},
	url = {http://www.sphinx-doc.org/en/stable/},
}

@online{doxygen,
	author = {Dimitri van Heesch},
	editor = {Dimitri van Heesch},
	title = {Doxygen},
	date = {May 2016},
	url = {http://www.stack.nl/~dimitri/doxygen/index.html},
}

@book{lua-game,
	author = {Paul Schuytema and Mark Manyen},
	title = {Game Development With LUA (Game Development Series)},
	date = {2005},
	year = {2005},
	publisher = {Charles River Media, Inc.},
	location = {Rockland},
	isbn = {1584504048},
}

@online{boost,
	author = {Beman Dawes and David Abrahams},
	editor = {Rene Rivera},
	title = {Boost C++ Libraries},
	date = {May 2016},
	url = {http://www.boost.org},
	organization = {boostorg},
}

@online{glue-rant,
	author = {Nox},
	editor = {Lux},
	title = {Binding Lua to C++: Think Twice Before Eating That Glue},
	date = {August 12th, 2012},
	url = {http://purplepwny.com/blog/binding_lua_to_c_think_twice_before_eating_that_glue.html},
	organization = {purplepwnystudios},
}

@online{readthedocs,
	author = {Eric Holscher and Charlie Leifer and Bobby Grace},
	editor = {Eric Holscher and Charlie Leifer and Bobby Grace},
	title = {Home - ReadTheDocs},
	date = {May 2016},
	url = {https://readthedocs.org/},
	organization = {ReadTheDocs},
}

@online{conman-binding,
	author = {Sean P. Conner},
	editor = {Sean P. Conner},
	title = {How close to C do you make your binding?},
	date = {July 18th, 2014},
	url = {http://lua-users.org/lists/lua-l/2014-06/msg00435.html},
	organization = {lua-l-mailing-list},
}

@online{conman-impressed,
	author = {Sean P. Conner},
	editor = {Sean P. Conner},
	title = {Re: Modern Lua binding library},
	date = {March 14th, 2016},
	url = {http://lua-users.org/lists/lua-l/2016-03/msg00160.html},
	organization = {lua-l-mailing-list},
}

@online{sol2-reddit,
	author = {ThePhD},
	editor = {ThePhD},
	title = {Sol2: Lua <-> C++ Binding Framework},
	date = {May 16th, 2016},
	url = {https://www.reddit.com/r/cpp/comments/4a8gy7/sol2_lua_c_binding_framework/},
	organization = {reddit},
}

@online{fun-lua-bindings,
	author = {Tim Mensch},
	editor = {Tim Mensch},
	title = {Fun Lua Bindings},
	date = {January 24th, 2012},
	url = {http://realmensch.org/blog/fun-lua-bindings},
	organization = {QuickCharge Games},
}

@online{cxx-reflection,
	author = {Randy Gaul},
	editor = {Randy Gaul},
	title = {C++ Reflection Part 6: Lua Binding},
	date = {February 9th, 2013},
	url = {http://www.randygaul.net/2013/09/02/c-reflection-part-6-lua-binding/},
}

@online{luajit,
	author = {Mike Pall},
	editor = {CloudFlare},
	title = {LuaJIT},
	date = {August 2016},
	url = {http://luajit.org/},
}

@online{lundi,
	author = {Bartosz Banachewicz and Arnaud Bellec},
	editor = {Bartosz Banachewicz and Arnaud Bellec},
	title = {Lundi},
	date = {September 2013},
	url = {https://github.com/lundiorg/lundi},
}

@online{sol2,
	author = {ThePhD},
	editor = {ThePhD},
	title = {Sol2},
	date = {May 2016},
	url = {https://github.com/ThePhD/sol2},
}

@online{sol,
	author = {Rapptz},
	editor = {Rapptz},
	title = {Sol},
	date = {January 2015},
	url = {https://github.com/Rapptz/sol},
}

@online{selene,
	author = {Jeremy Ong},
	editor = {Jeremy Ong},
	title = {Selene},
	date = {December 2015},
	url = {https://github.com/jeremyong/Selene},
}

@online{lua-intf,
	author = {Steve K. Chiu},
	editor = {Steve K. Chiu},
	title = {lua-intf},
	date = {March 2016},
	url = {https://github.com/SteveKChiu/lua-intf},
}

@online{lua-api-pp,
	author = {OldFisher},
	editor = {OldFisher},
	title = {Lua API++},
	date = {October 2015},
	url = {https://github.com/OldFisher/lua-api-pp},
}

@online{luawrapper,
	author = {Bert Hubert},
	editor = {PowerDNS},
	title = {luawrapper},
	date = {March 2016},
	url = {https://github.com/ahupowerdns/luawrapper},
}

@online{luwra,
	author = {Ole Krüger},
	editor = {Ole Krüger},
	title = {luwra},
	date = {May 2016},
	url = {https://github.com/vapourismo/luwra},
}

@online{kaguya,
	author = {satoren},
	editor = {satoren},
	title = {Kaguya},
	date = {May 2016},
	url = {https://github.com/satoren/kaguya},
}

@online{luabind,
	author = {Rasterbar Software},
	editor = {Rasterbar Software},
	title = {luabind},
	date = {December 2015},
	url = {http://www.rasterbar.com/products/luabind.html},
}

@online{slb3,
	author = {xgene},
	editor = {xgene},
	title = {slb3},
	date = {January 2013},
	url = {https://github.com/xgene/slb},
}

@online{swig,
	author = {Mark Gossage, Dave Beazley},
	editor = {William Fulton},
	title = {SWIG: Simple Wrapper and Interface Generator},
	date = {December 2015},
	url = {http://www.swig.org},
}

@online{oolua,
	author = {Liam Devine},
	editor = {Liam Devine},
	title = {OOLua},
	date = {December 2015},
	url = {https://oolua.org/},
}

@online{luacppinterface,
	author = {David Siaw},
	editor = {David Siaw},
	title = {luacppinterface},
	date = {May 2016},
	url = {https://github.com/davidsiaw/luacppinterface},
}

@article{these-goddamn-users,
	title={When Users Want What's Not Best for Them},
	author={Andre, Anthony D and Wickens, Christopher D},
	journal={Ergonomics in Design: The Quarterly of Human Factors Applications},
	volume={3},
	number={4},
	pages={10-14},
	year={1995},
	publisher={SAGE Publications}
}
